<record><leader>00000cas a22000007a 4500</leader><controlfield tag="001">19533598</controlfield><controlfield tag="008">890411d1905193unyuwr ne      0    0eng d</controlfield><datafield ind1=" " ind2=" " tag="010"><subfield code="a">sn 89071247 </subfield></datafield><datafield ind1=" " ind2=" " tag="040"><subfield code="a">NYS</subfield><subfield code="b">eng</subfield><subfield code="c">NYS</subfield><subfield code="d">OCLCQ</subfield></datafield><datafield ind1=" " ind2=" " tag="042"><subfield code="a">msc</subfield></datafield><datafield ind1="0" ind2=" " tag="130"><subfield code="a">Avon herald (Avon, N.Y. : 1905)</subfield></datafield><datafield ind1="1" ind2="4" tag="245"><subfield code="a">The Avon herald.</subfield></datafield><datafield ind1=" " ind2=" " tag="260"><subfield code="a">Avon, N.Y. :</subfield><subfield code="b">Florence Van Allen</subfield></datafield><datafield ind1=" " ind2=" " tag="300"><subfield code="a">v.</subfield></datafield><datafield ind1=" " ind2=" " tag="310"><subfield code="a">Weekly</subfield></datafield><datafield ind1="1" ind2=" " tag="362"><subfield code="a">Began in 1905.</subfield></datafield><datafield ind1=" " ind2=" " tag="500"><subfield code="a">Publishers: Florence Van Allen, &lt;1905-1921&gt;; L.C. Gilles, A.C. Van Allen, &lt;1932&gt;.</subfield></datafield><datafield ind1=" " ind2=" " tag="588"><subfield code="a">Description based on: Vol. 30, no. 10 (July 27, 1905).</subfield></datafield><datafield ind1=" " ind2="4" tag="651"><subfield code="a">Avon (N.Y.)</subfield><subfield code="v">Newspapers.</subfield></datafield><datafield ind1=" " ind2=" " tag="752"><subfield code="a">United States</subfield><subfield code="b">New York</subfield><subfield code="c">Livingston</subfield><subfield code="d">Avon.</subfield></datafield><datafield ind1="0" ind2="0" tag="780"><subfield code="t">Avon herald and courier</subfield><subfield code="w">(DLC)sn 88074748</subfield></datafield><datafield ind1="0" ind2="7" tag="785"><subfield code="t">Avon independent-news</subfield><subfield code="w">(DLC)sn 89071246</subfield></datafield><datafield ind1="0" ind2="7" tag="785"><subfield code="t">Herald-news (Avon, N.Y.)</subfield><subfield code="w">(DLC)sn 88074241</subfield></datafield></record>